@book{HePa06,
    author = {Hennessy, John L. and Patterson, David A.},
    edition = {4},
    howpublished = {Paperback},
    isbn = {0123704901},
    month = sep,
    publisher = {Morgan Kaufmann},
    title = {Computer Architecture: A Quantitative Approach, 4th Edition},
    year = {2006}
}

@book{Ian09,
  author = {Molyneaux, Ian},
  isbn = {978-0-596-52066-3},
  pages = {I-XII, 1-144},
  publisher = {O'Reilly},
  title = {The Art of Application Performance Testing: Help for Programmers and Quality Assurance.},
  year = 2009
}

@article{bencherl,
       author={Stavros Aronis and Nikolaos Papaspyrou and Katerina Roukounaki and Konstantinos Sagonas and Yiannis Tsiouris and Ioannis E. Venetis},
       title={A Scalability Benchmark Suite for Erlang/OTP},
       journal={Eleventh ACM SIGPLAN Erlang Workshop},
       year = 2012
     }


@article{Blackburn2006,
 author = {Blackburn, Stephen M. and Garner, Robin and Hoffmann, Chris and Khang, Asjad M. and McKinley, Kathryn S. and Bentzur, Rotem and Diwan, Amer and Feinberg, Daniel and Frampton, Daniel and Guyer, Samuel Z. and Hirzel, Martin and Hosking, Antony and Jump, Maria and Lee, Han and Moss, J. Eliot B. and Phansalkar, Aashish and Stefanovi\'{c}, Darko and VanDrunen, Thomas and von Dincklage, Daniel and Wiedermann, Ben},
 title = {The DaCapo benchmarks: java benchmarking development and analysis},
 journal = {SIGPLAN Not.},
 issue_date = {October 2006},
 volume = {41},
 number = {10},
 month = oct,
 year = {2006},
 issn = {0362-1340},
 pages = {169--190},
 numpages = {22},
 url = {http://doi.acm.org/10.1145/1167515.1167488},
 doi = {10.1145/1167515.1167488},
 acmid = {1167488},
 publisher = {ACM},
 address = {New York, NY, USA},
 keywords = {DaCapo, Java, SPEC, benchmark, methodology},
}

@article{Blackburn:2008,
 author = {Blackburn, Stephen M. and McKinley, Kathryn S. and Garner, Robin and Hoffmann, Chris and Khan, Asjad M. and Bentzur, Rotem and Diwan, Amer and Feinberg, Daniel and Frampton, Daniel and Guyer, Samuel Z. and Hirzel, Martin and Hosking, Antony and Jump, Maria and Lee, Han and Moss, J. Eliot B. and Phansalkar, Aashish and Stefanovik, Darko and VanDrunen, Thomas and von Dincklage, Daniel and Wiedermann, Ben},
 title = {Wake up and smell the coffee: evaluation methodology for the 21st century},
 journal = {Commun. ACM},
 issue_date = {August 2008},
 volume = {51},
 number = {8},
 month = aug,
 year = {2008},
 issn = {0001-0782},
 pages = {83--89},
 numpages = {7},
 url = {http://doi.acm.org/10.1145/1378704.1378723},
 doi = {10.1145/1378704.1378723},
 acmid = {1378723},
 publisher = {ACM},
 address = {New York, NY, USA},
} 


@book{dunteman1989principal,
  title={Principal Components Analysis},
  author={Dunteman, G.H.},
  isbn={9780803931046},
  lccn={lc89063965},
  series={Quantitative Applications in the Social Sciences},
  url={http://books.google.co.uk/books?id=Pzwt-CMMt4UC},
  year={1989},
  publisher={Sage Publications}
}

@book{Gray93,
  editor    = {Jim Gray},
  title     = {The Benchmark Handbook for Database and Transaction Systems
               (2nd Edition)},
  publisher = {Morgan Kaufmann},
  year      = {1993},
  isbn      = {1-55860-292-5},
  bibsource = {DBLP, http://dblp.uni-trier.de}
}



@book{Nambiar09,
  editor    = {Raghunath Nambiar and Meikel Poess},
  title     = {Performance Evaluation
and Benchmarking: First TPC Technology Conference, TPCTC 2009},
  publisher = {Springer},
  year      = {2009}
}


 