@MISC{sockoorg,
      AUTHOR = "Vibul Imtarnasan and David Bolton and Socko Contributors",
      TITLE = "SOCKO WEB SERVER",
      YEAR = {2012},
      howpublished = "\url{http://socko.org/}",
      note = "[Online; accessed 30-June-2012]"
}

@MISC{socko-bench,
      AUTHOR = "Vibul Imtarnasan and David Bolton and Socko Contributors",
      TITLE = "Initial Benchmarks for Socko",
      YEAR = {2012},
      howpublished = "\url{http://sockoweb.org/2012/04/22/benchmark.html}",
      note = "[Online; accessed 30-June-2012]"
}

@MISC{RESTfulwiki,
      AUTHOR = "WIkipedia",
      TITLE = "Representational state transfer",
      howpublished = "\url{http://en.wikipedia.org/wiki/Representational_state_transfer}",
      note = "[Online; accessed 30-June-2012]"
}

@misc{akka,
  author = {Typesafe Inc},
  title = {Akka {D}ocumentation: {R}elease 2.0.2},
  month = jun,
  year = {2012},
  url = {http://doc.akka.io/docs/akka/2.0.2/Akka.pdf}
}