
@article{Littlewood93,
    author = {Bev Littlewood and Lorenzo Strigini},
    title = {Validation of ultrahigh dependability for software-based systems},
    journal = {Communications of the ACM},
    year = {1993},
    volume = {36},
    pages = {69--80}
}


@book{MusaBook,
    author = {Musa, John D.},
    day = {20},
    edition = {2},
    howpublished = {Hardcover},
    isbn = {9781418493882},
    keywords = {0\_industry, 0\_software\_engineering, 0\_software\_quality},
    month = sep,
    title = {{Software Reliability Engineering: More Reliable Software Faster 
and Cheaper 2nd Edition}},
    year = {2004}
}

@inproceedings{huang1995software,
  title={Software rejuvenation: Analysis, module and applications},
  author={Huang, Yennun and Kintala, Chandra and Kolettis, Nick and Fulton, N 
Dudley},
  booktitle={Fault-Tolerant Computing, 1995. FTCS-25. Digest of Papers., 
Twenty-Fifth International Symposium on},
  pages={381--390},
  year={1995},
  organization={IEEE}
}

@inproceedings{dohi2000statistical,
  title={Statistical non-parametric algorithms to estimate the optimal software 
rejuvenation schedule},
  author={Dohi, Tadashi and Goseva-Popstojanova, Katerina and Trivedi, Kishor 
S},
  booktitle={Dependable Computing, 2000. Proceedings. 2000 Pacific Rim 
International Symposium on},
  pages={77--84},
  year={2000},
  organization={IEEE}
}